@book{ジェイク・ナップ2019-06-19,
title={時間術大全ーー人生が本当に変わる「８７の時間ワザ」},
author={ジェイク・ナップ and ジョン・ゼラツキー},
translator={櫻井, 祐子},
publisher={ダイヤモンド社},
year={2019},
month={6},
date={19},
language={日本語},
pages={315},
keywords={人生論・教訓, 自己啓発, ビジネス・経済, 倫理学・道徳},
asin={B07SD3F145},
url={https://lead.to/amazon/jp/?op=bt&la=ja&key=B07SD3F145},
url-am={https://www.amazon.co.jp/dp/B07SD3F145/},
price={￥1,426},
condition={新品},
timestamp={2021-09-04},
}
